2336 3248
824 275 907 318 20

822 403 1091 464 Quebeco
1124 419 1235 456 non
1268 398 1484 475 procul,
1517 397 1573 451 in
1607 395 1818 451 XLVI.
1852 396 2022 470 gradu

823 508 1149 572 latitudiniS,
1185 504 1416 558 nomine
1447 504 1496 557 S.
1534 498 1814 556 Francisci
1846 499 2021 554 Salefii

822 618 874 669 ὃς
905 610 1220 689 patrocinio
1250 607 1543 681 infignita:
1593 606 1711 660 aliae
1743 593 1861 659 duae
1908 603 2025 659 sunt

823 718 1185 780 remotiores;
1239 714 1365 768 loco
1421 730 1630 766 nomen
1684 709 1761 765 est
1813 708 2023 784 Nipifi-

824 825 1002 880 kouit.
1088 825 1267 878 Trans
1302 839 1532 874 amnem
1585 815 2025 872 Laurentianum

822 932 886 986 ad
936 929 1246 984 Meridiem
1278 926 1592 981 funduntur
1642 923 2024 996 Iroquaeorum

821 1036 1067 1110 quinque
1111 1032 1381 1087 nationes,
1467 1031 1694 1104 Septem
1727 1025 1849 1081 sunt
1885 1026 2026 1101 apud

822 1140 944 1194 illos
997 1156 1314 1214 praeconum
1372 1133 1669 1209 Evangelii
1721 1130 2025 1196 domicilia,

823 1266 918 1321 per
944 1258 1174 1299 centum
1201 1241 1611 1317 quinquaginta
1637 1238 1820 1292 leucas
1844 1235 2024 1312 sparsa.

827 1352 910 1405 Ex
970 1350 1034 1403 iis
1088 1349 1179 1404 sex
1245 1347 1537 1424 profligata
1596 1344 1816 1399 fuerant
1883 1342 2027 1397 bello

826 1456 1020 1510 Gallos
1043 1455 1189 1509 inter
1221 1457 1272 1509 &
1300 1454 1580 1528 Iroquaeos
1611 1447 1856 1505 conflato
1887 1448 2029 1502 circa

825 1583 1034 1617 annum
1055 1559 1550 1615 MDCLXXXII.
1602 1558 1883 1612 Revocata
1902 1575 2027 1609 cum

827 1668 1097 1742 religione
1145 1686 1251 1742 pax
1283 1685 1432 1719 anno
1466 1662 1795 1718 MDCCII.
1842 1663 2029 1717 omnia

827 1776 1070 1851 priorem
1133 1774 1189 1827 in
1250 1771 1449 1825 statum
1505 1767 1762 1823 restituit.
1849 1766 1915 1820 In
1973 1766 2029 1819 iis

830 1882 1213 1954 Iroquaeorum
1263 1876 1622 1931 Miffionibus
1654 1894 1716 1928 ea
1763 1870 2029 1948 praecipue-

828 1985 1004 2050 floret,
1060 2004 1182 2059 quae
1238 1980 1265 2037 ὲ
1321 1982 1371 2036 S.
1434 1976 1731 2034 Francisco
1795 1975 2028 2030 Xaverio

830 2108 1035 2143 nomen
1085 2087 1269 2152 habet,
1306 2086 1376 2140 ad
1430 2081 2028 2157 Montem-Regalem.

909 2194 1076 2268 Supra
1119 2193 1415 2266 Iroquae03‚
1467 2188 1644 2244 versus
1677 2186 1934 2242 occasum
1982 2189 2028 2241 &

831 2299 1198 2375 Aquilonem,
1232 2299 1373 2354 intra
1397 2296 1885 2373 quadragefimum
1912 2314 2029 2370 gra-

832 2408 964 2461 dum
990 2409 1041 2461 &
1074 2406 1251 2460 XLV.
1284 2425 1511 2459 cernere
1537 2402 1615 2458 est
1640 2402 1875 2476 majores
1906 2403 2032 2456 duos

2213 409 2332 464 lacu

2212 534 2317 590 que

2214 638 2336 674 rom

2214 724 2330 797 ling

2215 825 2336 882 Mifi

2213 951 2336 988 acan

2213 1037 2303 1103 est,
2335 1063 2336 1083 1

2212 1143 2330 1197 lacu

2213 1246 2335 1300 stitu

2215 1351 2333 1404 Inte

2210 1454 2336 1509 ferie

2212 1574 2334 1614 taou

2211 1665 2332 1721 Soci

2211 1771 2336 1845 gion

2211 1876 2336 1930 licet

2209 1979 2336 2033 sacra

2213 2084 2336 2138 Ilinz

2212 2189 2336 2243 Pute

2213 2316 2242 2349 Ι]
2252 2316 2336 2349 un«

2211 2398 2336 2454 Mas
