2264 3248
773 244 824 304 ii

773 394 953 461 pendit
973 395 1217 464 juvandis
1246 394 1587 464 popularibus
1607 394 1725 458 suiS,
1751 412 1973 467 quorum

773 503 830 539 ut
874 490 1015 540 saluti
1052 491 1351 552 consuleret,
1385 492 1513 542 nihil
1555 492 1644 543 fibi
1693 494 1876 564 reliqui
1916 499 1974 548 ad

774 586 995 636 laborem
1048 587 1474 656 diligentiamque
1528 576 1757 641 faciebat.
1845 591 1973 661 Ejus

771 697 936 734 tamen
990 685 1282 737 industriam
1336 686 1530 755 experti
1587 686 1807 738 maxime
1860 687 1973 740 sunt

773 781 1097 831 Parodienses
1111 781 1160 831 in
1175 780 1470 849 praefectura
1489 782 1801 845 Carolitana,
1818 801 1970 852 quam

767 876 1025 927 civitatem
1055 896 1144 946 per
1166 878 1344 927 ufitata
1366 877 1564 929 ordinis
1588 878 1865 930 ministeria
1882 879 1969 930 diu

766 976 938 1025 coluit.
998 975 1517 1046 Noviffimeregionis
1536 977 1801 1046 praefec‘tus
1825 978 1969 1029 Mar-

765 1074 878 1124 chio
939 1074 1187 1142 Ragnius,
1233 1074 1396 1143 juffus
1448 1094 1473 1125 a
1526 1093 1640 1144 rege
1693 1075 1867 1145 copias
1920 1076 1968 1127 in

767 1169 1094 1237 Campaniam
1109 1171 1473 1220 ducerecontra
1489 1170 1763 1222 Ernestum
1792 1172 1968 1223 Mans-

764 1265 974 1315 feldium
998 1266 1175 1317 Galliae
1201 1266 1390 1317 finibus
1411 1267 1793 1332 imminentem,
1830 1269 1968 1320 Biar-

763 1363 885 1412 dum
919 1363 1004 1412 fibi
1033 1363 1305 1414 adsciverat
1324 1365 1568 1415 comitem
1598 1366 1963 1435 expeditionis,

764 1461 811 1509 &
836 1458 1083 1509 sacrorum
1107 1460 1410 1510 ministrum.
1493 1462 1589 1511 Per
1617 1480 1727 1513 eam
1752 1463 1966 1514 occasio-

764 1573 874 1604 nem
901 1555 1098 1617 nescias,
1122 1570 1295 1607 utrum
1321 1556 1533 1625 spe6tata
1550 1558 1716 1628 magis
1740 1560 1797 1610 fit
1825 1561 1964 1628 apos-

762 1651 898 1701 tolici
940 1652 1033 1701 viri
1063 1653 1292 1715 charitaS,
1325 1673 1384 1704 an
1423 1654 1686 1723 patientia.
1768 1657 1964 1726 Magna

759 1762 860 1797 erat
882 1748 930 1797 in
951 1748 1114 1799 castris
1134 1749 1307 1818 inopia
1325 1764 1728 1803 commeatuum.
1789 1753 1963 1805 Diaria

759 1844 1008 1894 militibus
1055 1846 1409 1914 praebebantur
1454 1847 1581 1898 adeo
1613 1848 1852 1919 maligne,
1903 1864 1959 1900 ut

760 1941 993 1989 nonnulli
1024 1940 1154 1991 fame
1183 1942 1420 2010 perirent.
1503 1944 1722 1996 Biardus
1751 1946 1959 2009 cibario,

759 2039 809 2087 &
854 2038 1145 2089 demensum
1200 2040 1363 2103 suum,
1410 2061 1462 2092 ac
1511 2043 1676 2112 fiquid
1724 2057 1962 2113 praeterea

758 2134 1036 2200 pecuniolae
1073 2155 1097 2184 a
1125 2136 1402 2187 ditioribus
1431 2140 1808 2192 emendicando
1853 2160 1960 2192 cor-

757 2228 980 2297 rogasset,
1007 2231 1135 2282 inter
1153 2234 1493 2302 egentissimos
1518 2236 1745 2288 militum
1776 2238 1960 2306 partie-

757 2325 919 2388 batur,
953 2326 995 2377 se
1023 2327 1183 2396 ipsum
1215 2329 1451 2381 fraudans
1481 2332 1671 2383 diurno
1701 2335 1857 2397 νὶέὶυ,
1905 2350 1960 2386 ut

756 2423 864 2472 aliis
894 2425 1108 2494 benigne
1128 2430 1325 2479 faceret.
1405 2432 1738 2483 Avenionem
1763 2435 1959 2485 conces-

2085 434 2208 485 serat
2260 458 2264 479 ε

2082 532 2217 583 vires
2238 549 2264 600 p

2016 674 2025 686 ,
2086 647 2200 681 run]
2245 647 2264 678 s

2085 726 2264 776 laboru

2087 841 2186 893 pus
2232 823 2264 871 i1

2088 917 2259 968 tionib

2088 1014 2264 1083 prima:

2089 1108 2159 1160 ita
2187 1127 2264 1159 cor

2091 1205 2264 1257 exerci·

2043 1350 2047 1358 ,
2090 1313 2264 1351 contet

2092 1395 2264 1445 intent

2090 1492 2259 1562 cogita

2092 1587 2264 1638 cembr

2166 1783 2264 1833 Ad]

2084 1881 2243 1950 jicere

2092 1976 2264 2027 scilieei

2096 2073 2263 2138 Script

2101 2168 2253 2218 Biard

2172 2272 2203 2290 Η
2230 2265 2264 2314 P

2097 2363 2259 2431 patri-51

2097 2463 2210 2523 zeli,
2233 2482 2258 2512 a
