2336 3248
0 535 95 571 uos

0 620 94 696 qui

0 738 93 792 1ta,

6 831 94 885 Ex

0 955 93 991 am

0 1166 97 1202 :rus

0 1252 97 1327 giae

0 1461 95 1517 ism.

0 1568 99 1644 :gis

0 1780 102 1835 ieri

2 1884 99 1941 vit.

0 1989 102 2044 >ie-

0 2091 102 2159 hit,

3 2214 102 2256 ret.

5 2327 103 2384 ep-

0 2412 105 2467 tin

1487 269 1528 332 9

333 407 628 466 Franciam
657 403 874 461 facturi.
921 405 1071 458 Ecce
1095 414 1281 457 autem
1306 398 1535 476 repente

335 515 714 589 inexpectatus
738 509 900 565 obex.
988 510 1068 563 Ea
1100 506 1251 561 navis
1274 518 1390 560 erat
1423 505 1533 560 Po-

335 618 634 685 trincurtii,
686 616 890 672 nobilis
941 615 1129 670 Galli:
1186 613 1401 667 duobus
1451 625 1535 666 ta-

337 743 465 779 men
489 720 891 777 mercatoribus
908 718 1251 773 Calvinianis
1271 716 1538 783 obnoxia,

339 839 529 903 utpote
558 824 659 900 qui
690 823 937 899 sumptus
961 842 1075 877 non
1105 822 1253 876 leves
1282 821 1351 875 ad
1382 820 1540 874 illam

338 930 698 989 armamentis
721 929 1103 984 instruendam
1130 926 1393 982 fecerant.
1444 925 1542 979 Isti

340 1036 497 1093 fimul
522 1050 689 1111 atque
713 1033 1086 1109 imponendos
1112 1033 1168 1086 in
1201 1030 1346 1086 hanc
1371 1029 1541 1085 hom-

344 1146 457 1199 ines
488 1141 780 1197 Societatis
825 1140 1137 1205 audierunt,
1191 1152 1397 1213 negant
1444 1157 1544 1191 en-

343 1253 555 1306 imvero
601 1247 654 1303 se
693 1245 933 1323 paffuros
983 1259 1042 1301 ut
1072 1247 1099 1300 ὲ
1147 1259 1311 1321 portu
1359 1243 1545 1298 solvat.

345 1353 668 1431 Opponitur
717 1351 1025 1427 imperium
1080 1350 1328 1425 Reginae,
1383 1367 1546 1402 man-

349 1462 470 1515 data
518 1459 960 1536 ingeminantur.
1050 1455 1409 1530 Respondent
1455 1473 1552 1528 per

348 1568 395 1621 se
425 1586 534 1621 non
570 1566 708 1619 stare
740 1564 875 1639 quin
917 1562 1222 1616 sacerdotes
1254 1559 1347 1613 alii
1378 1557 1551 1633 quili-

348 1671 440 1726 bet
476 1669 882 1733 admittantur3
942 1680 997 1721 at
1027 1648 1125 1720 fibi
1172 1683 1302 1718 cum
1358 1660 1555 1716 nostris

350 1773 679 1830 hominibus
726 1770 871 1827 nihil
902 1770 1015 1826 effe
1061 1770 1139 1824 rei
1188 1768 1347 1822 velle.
1435 1765 1556 1820 Ubi

350 1881 486 1936 vidit
545 1880 802 1935 Cotonus
857 1875 1254 1953 improborum
1305 1872 1555 1948 pertina-

353 1989 497 2041 ciam
522 1982 706 2059 frangi
730 2002 844 2037 non
866 1978 1032 2058 poffe,
1064 1979 1169 2034 alia
1193 1997 1311 2033 rem
1343 1974 1560 2051 aggres-

356 2090 434 2145 sus
465 2088 541 2144 est
570 2090 677 2145 via.
764 2089 898 2142 Erat
921 2099 1178 2141 matrona
1210 2102 1321 2137 non
1354 2080 1560 2156 pietate

356 2197 541 2251 minus
581 2191 752 2271 quam
800 2212 1004 2269 genere
1034 2189 1255 2255 nobilis,
1307 2184 1562 2241 Antonia

359 2299 820 2356 Guerehevillaea.
903 2298 1044 2352 Haec
1088 2293 1383 2369 negotium
1416 2288 1560 2344 Mis-

356 2406 515 2462 fionis
545 2405 694 2461 haud
724 2404 873 2459 secus
898 2400 1247 2480 procurabat,
1278 2416 1341 2451 ac
1366 2395 1523 2449 suum
1549 2414 1560 2447 ε
