2328 3264
825 299 902 342 22

826 427 1101 485 Francisci
1126 424 1353 479 Xaverii
1379 442 1588 478 nomen
1611 421 1830 478 obtinet
1856 444 1867 478 ε
1918 436 2025 477 ter-

824 537 898 590 tia
929 535 1072 588 inter
1119 528 1519 594 Oumiamis08‚
1569 527 1780 603 Angeli
1827 527 2027 582 Custo-

749 686 757 697 ,
824 641 918 695 dis.
1034 636 1184 691 Infra
1245 647 1590 688 memoratos
1648 632 1816 699 laCUS,
1874 632 2030 709 supra

824 743 990 819 ipsam
1031 740 1319 795 Floridam
1374 737 1700 792 vastiflimos
1748 752 2030 812 pererrant

825 868 1050 925 campos
1089 846 1282 902 Ilinaei.
1367 844 1453 898 Ibi
1479 842 1814 919 ampliflima
1856 841 2029 908 statie,
2103 902 2107 905 ,

826 954 914 1008 cui
972 971 1181 1006 nomen
1241 949 1308 1003 ab
1361 947 1727 1002 immaculata
1785 946 2031 1021 Virginis

828 1061 1027 1115 Matris
1087 1056 1461 1132 conceptione
1530 1051 1877 1128 impolitum,
1931 1064 2031 1105 tres

826 1168 882 1220 in
941 1162 1231 1217 Miffiones
1282 1161 1511 1225 secatur,
1572 1159 1624 1212 δε
1676 1157 1744 1211 ad
1802 1155 2030 1210 fluvium

828 1272 991 1345 usque
1046 1267 1385 1342 Miffifipum
1445 1263 1742 1341 procurrit.
1831 1261 2031 1315 Insidet

828 1374 1068 1450 ejusdem
1114 1372 1367 1427 fluminis
1399 1370 1529 1445 ripis
1563 1367 1742 1422 miffio
1791 1366 2030 1441 Baiogu-

828 1483 965 1547 lana,
1026 1481 1083 1533 in
1115 1478 1404 1553 trigefimo
1443 1475 1630 1551 primo
1675 1473 1850 1548 gradu
1909 1472 2030 1527 lati-

830 1587 1068 1641 tudinis:
1138 1586 1372 1639 demum
1428 1581 1627 1635 ultima
1687 1578 2031 1654 protenditur

830 1692 1131 1745 secundum
1209 1686 1452 1741 eundem
1541 1702 1768 1737 amnem
1863 1681 2033 1736 versus

834 1798 1205 1850 Mexicanum
1252 1793 1450 1846 finum.
1540 1788 1680 1842 Haec
1728 1786 1906 1841 visum
1966 1788 2033 1841 est

833 1904 1123 1959 enucleare
1147 1901 1314 1977 paulo
1337 1898 1665 1963 distinctim,
1687 1899 1741 1952 δε
1773 1896 1919 1971 quafi
1948 1896 2033 1949 sub

834 2031 944 2066 uno
977 2009 1160 2063 statim
1193 2006 1410 2083 aspectu
1464 2024 1692 2081 ponere,
1725 2017 1786 2057 ut
1829 2002 2033 2057 intelli*

834 2132 991 2193 gatus
1043 2114 1152 2191 quo
1186 2112 1399 2188 singula
1433 2109 1719 2165 referenda
1752 2109 1871 2175 fint,
1924 2129 2036 2184 quar

835 2223 1019 2300 postea
1052 2223 1116 2276 de
1157 2220 1323 2276 Nova
1378 2217 1616 2272 Francia
1657 2215 2033 2269 narrabuntur.

919 2329 1104 2383 Restat
1145 2328 1337 2401 ignota
1371 2322 1659 2399 Europaeis
1689 2318 1875 2375 adhuc
1928 2340 2037 2396 pars

839 2435 1073 2488 Canadav
1134 2429 1426 2495 immensa,
1487 2428 1630 2483 ultra
1704 2425 2033 2502 Miffifipum

2217 420 2324 476 fluv

2218 524 2328 599 freq

2213 623 2328 685 vlaeta

2221 754 2325 811 gen

2222 858 2328 893 non

2224 945 2327 1020 rigi

2226 1155 2328 1209 trio

2227 1275 2328 1315 tam

2225 1385 2328 1441 gra*

2232 1471 2285 1525 H
2295 1471 2328 1523 ἱ(

2228 1596 2328 1652 coe}

2228 1682 2328 1758 spel

2229 1807 2254 1840 ss
2261 1808 2288 1841 C

2230 1999 2328 2051 Tal

2232 2120 2328 2154 ma:

2234 2206 2323 2260 illa

2237 2312 2320 2364 Mi

2235 2422 2328 2473 tur}
