2336 3296
814 288 888 332 12

806 418 975 474 totius
996 417 1244 483 nomine,
1271 417 1676 491 demigrarunt.
1753 416 2007 473 Puellam

805 541 975 576 annos
1015 534 1203 576 natam
1236 539 1463 587 novem,
1511 518 1821 596 oppressam
1856 523 2010 596 gravi

805 625 1022 691 morb0,
1098 638 1351 701 parentes
1422 623 1755 698 abjecerant.
1857 625 2008 681 Cum

804 730 955 785 enim
981 729 1106 784 artis
1137 729 1369 783 medicae
1391 727 1608 804 prorsus
1639 728 1831 803 ignara
1857 728 2010 784 natio

804 834 882 900 fit,
913 846 1145 909 aegrotos
1170 830 1333 887 facile
1356 831 1619 907 desperat,
1647 851 1830 907 neque
1861 831 2008 900 cibo,

803 954 894 995 aut
929 940 1215 995 curatione
1246 938 1375 1006 ulla,
1410 938 1586 1012 juvat.
1677 938 2006 1015 Depositam

804 1046 988 1100 Patres
1017 1039 1045 1097 a
1075 1043 1395 1119 parentibus
1423 1041 1791 1119 postularunt,
1817 1056 1878 1098 ut
1910 1064 2005 1100 ex—

801 1149 1017 1224 piarent
1068 1145 1304 1223 lympha
1354 1146 1590 1202 salutari.
1677 1146 1848 1202 Ultro
1899 1147 2007 1203 illis

801 1249 1055 1329 permiffa
1087 1250 1183 1317 est,
1231 1251 1441 1327 quippe
1481 1271 1602 1326 quae
1633 1250 1802 1306 instar
1851 1271 2003 1307 mor—

802 1358 881 1413 tui
956 1356 1104 1410 canis
1156 1354 1469 1411 haberetur.
1567 1355 1892 1412 Abductam
1950 1358 2004 1413 in

801 1460 1018 1536 mapale
1074 1459 1383 1535 separatum
1450 1479 1711 1515 curavere
1778 1459 2001 1517 sedulo:

800 1567 1075 1631 edoctam,
1107 1577 1383 1639 quantum
1425 1578 1539 1619 erat
1584 1563 1823 1631 neceffe;
1870 1565 2003 1642 bap-

800 1673 1046 1739 tizatam,
1078 1693 1141 1727 ac
1171 1693 1318 1728 nona
1369 1673 1491 1749 post
1541 1673 1665 1728 luce
1700 1687 2003 1750 mort-uam,

800 1777 941 1831 coelo
1010 1778 1335 1833 intulerunt.
1431 1779 1645 1833 Eadem
1710 1779 2003 1835 Sociorum

800 1885 991 1939 caritas
1021 1885 1292 1940 laetiorem
1320 1886 1537 1940 exitum
1569 1886 1623 1940 in
1648 1887 1861 1961 juvene
1891 1886 2000 1942 sor-

801 1990 898 2043 tita
929 1988 1020 2044 est.
1108 1990 1240 2063 Ejus
1263 2005 1416 2066 pater
1449 1990 1865 2059 Membertous,
1890 1993 2002 2067 pri-

803 2116 923 2150 mus
943 2098 1225 2164 omniurn,
1252 2098 1333 2152 uti
1353 2111 1595 2164 narrant,
1616 2097 2001 2165 barbarorum,

800 2219 930 2254 cum
962 2198 990 2253 ὲ
1021 2200 1204 2255 Gallia
1256 2202 1582 2278 navigatum
1612 2203 1749 2258 illuc
1779 2202 1906 2271 fuit,
1947 2204 2001 2258 in

803 2302 1253 2360 Christianorum
1340 2327 1645 2363 numerum
1733 2323 2000 2375 venerat;

800 2408 977 2465 homo
1026 2411 1289 2480 strenuUS,
1338 2417 1391 2470 δε
1452 2415 1714 2470 omnium
1767 2418 2000 2493 popula—
