2336 3264
817 277 894 340 28

817 426 1097 481 moliatur.
1185 421 1460 478 Laudavit
1492 418 1768 475 Sauffaeius
1799 419 2014 495 regium

816 529 1085 606 diploma,
1138 525 1291 602 quod
1341 524 1479 579 sein
1523 523 1690 600 capfis
1731 523 1835 578 rite
1881 543 2017 578 con-

815 632 1078 707 scriptum
1139 628 1345 684 habere
1393 629 1551 684 dixit.
1640 628 1731 684 Ad
1790 648 1875 683 eas
1925 629 2016 684 ubi

815 748 1043 789 ventum
1073 732 1166 799 est,
1199 731 1338 786 vidit
1364 732 1629 807 integram,
1651 734 1704 787 &
1730 731 2018 800 obserata3‚

814 840 1023 915 suisque
1080 838 1273 892 omnia
1321 835 1531 912 digesta
1577 836 1714 890 locis
1771 838 2017 912 agnovit,

815 945 1067 1021 diploma
1100 942 1320 997 nullum
1354 941 1627 1017 apparuit.
1713 943 1869 996 Tum
1908 941 2016 996 Ar-

814 1048 1007 1123 gallus‚
1067 1046 1221 1101 vultu
1256 1048 1310 1101 &
1363 1066 1499 1100 voce
1547 1045 1614 1100 ad
1672 1046 2016 1104 severitatem

814 1153 1151 1229 compofitiS,
1184 1151 1450 1227 fugitivos
1482 1153 1535 1207 &
1560 1152 1847 1227 praedones
1882 1174 2015 1209 con-

814 1260 1038 1323 clamat,
1076 1277 1137 1312 ac
1181 1277 1377 1311 necem
1433 1257 1831 1313 commeruisse
1888 1279 2014 1336 pro-

814 1363 1059 1427 nunciat,
1093 1360 1366 1435 fimulque
1399 1361 1586 1415 navim
1621 1360 1723 1415 suis
1748 1362 2015 1439 diripien-

815 1474 940 1527 dam
1016 1471 1198 1526 tradit.
1314 1471 1484 1526 Illum
1556 1472 1767 1526 interea
1837 1471 2018 1525 Patres

815 1575 1101 1630 obsecrant
1160 1591 1218 1630 ut
1271 1576 1426 1631 victis
1458 1573 1703 1650 benign&
1752 1576 2016 1641 consulat,

816 1683 1013 1757 quibus
1062 1681 1231 1755 objici
1273 1679 1413 1735 nihil
1451 1701 1607 1735 noxae
1639 1680 1801 1757 poffit
1848 1682 2017 1747 aliud,

816 1785 984 1863 quam
1045 1788 1197 1862 quod
1258 1787 1312 1840 in
1371 1801 1568 1862 pacato
1627 1786 1741 1840 solo
1814 1785 2016 1842 fuerint

819 1894 1060 1948 nimium
1122 1892 1330 1947 securi:
1399 1891 1790 1946 austoritatem
1852 1893 2018 1967 Regis

819 1998 1013 2052 Gallim
1079 2017 1189 2051 non
1250 1996 1480 2050 dubiam
1540 2016 1602 2050 ac
1674 1996 2016 2052 voluntatem

818 2103 1099 2157 testantur.
1190 2103 1393 2156 Praetor
1431 2100 1603 2177 probi:
1635 2102 1733 2156 fibi
1775 2103 2018 2157 conscius

818 2228 941 2262 vera
960 2207 1180 2273 narrari,
1204 2207 1549 2261 comitemne.
1570 2207 1801 2274 audivit,
1819 2210 1872 2263 ὅς
1894 2229 2016 2262 om-

819 2313 978 2366 nibus
1007 2310 1337 2387 potestatem
1370 2312 1427 2365 in
1462 2311 1720 2365 Gallium
1754 2311 2016 2367 redeundi

818 2418 967 2473 fecit.
1056 2418 1206 2471 Duas
1240 2418 1294 2471 in
1330 2417 1608 2471 naviculas
1638 2416 1839 2473 infelix
1865 2420 2017 2473 turba
